%% This BibTeX bibliography file was created using BibDesk.
%% http://bibdesk.sourceforge.net/

%% Created for Jordi Casas Roma at 2018-05-29 18:21:49 +0200 

%% Saved with string encoding Unicode (UTF-8) 

@misc{openai2023gymnasium,
  author    = {{OpenAI}},
  title     = {Gymnasium Documentation},
  year      = {2023},
  url       = {https://gymnasium.farama.org/}
}

@book{SuttonBarto2018,
  title={Reinforcement Learning: An Introduction},
  author={Sutton, Richard S. and Barto, Andrew G.},
  year={2018},
  edition={2nd},
  publisher={MIT Press},
  address={Cambridge, MA},
  url={http://incompleteideas.net/book/the-book-2nd.html}
}

@article{Mnih2015,
  title={Human-level control through deep reinforcement learning},
  author={Mnih, Volodymyr and Kavukcuoglu, Koray and Silver, David and Rusu, Andrei A. and Veness, Joel and Bellemare, Marc G. and Graves, Alex and Riedmiller, Martin and Fidjeland, Andreas K. and Ostrovski, Georg and Petersen, Stig and Beattie, Charles and Sadik, Amir and Antonoglou, Ioannis and King, Helen and Kumaran, Dharshan and Wierstra, Daan and Legg, Shane and Hassabis, Demis},
  journal={Nature},
  volume={518},
  number={7540},
  pages={529--533},
  year={2015},
  publisher={Nature Publishing Group}
}

@article{Mnih2016,
  title={Asynchronous methods for deep reinforcement learning},
  author={Mnih, Volodymyr and Badia, Adria Puigdomenech and Mirza, Mehdi and Graves, Alex and Lillicrap, Timothy and Harley, Tim and Silver, David and Kavukcuoglu, Koray},
  journal={Proceedings of the 33rd International Conference on Machine Learning},
  pages={1928--1937},
  year={2016}
}

@inproceedings{Schulman2017,
  title={Proximal Policy Optimization Algorithms},
  author={Schulman, John and Wolski, Filip and Dhariwal, Prafulla and Radford, Alec and Klimov, Oleg},
  booktitle={arXiv preprint arXiv:1707.06347},
  year={2017}
}

@article{Raffin2021,
  title={Stable-baselines3: Reliable reinforcement learning implementations},
  author={Raffin, Antonin and Hill, Ashley and Ernestus, Maximilian and Gleave, Adam and Kanervisto, Anssi and Dormann, Noah and others},
  journal={Journal of Machine Learning Research},
  volume={22},
  number={268},
  pages={1--8},
  year={2021},
  url={https://www.jmlr.org/papers/v22/20-1364.html}
}

@article{Lesort2018,
  title={State representation learning for control: An overview},
  author={Lesort, Timoth{\'e}e and Seurin, Mathieu and D{\'\i}az-Rodr{\'\i}guez, Natalia and Filliat, David},
  journal={arXiv preprint arXiv:1802.04181},
  year={2018}
}

@article{Ha2018,
  title={World Models},
  author={Ha, David and Schmidhuber, J{\"u}rgen},
  journal={arXiv preprint arXiv:1803.10122},
  year={2018}
}

@article{Hafner2020,
  title={Dream to control: Learning behaviors by latent imagination},
  author={Hafner, Danijar and Lillicrap, Timothy and Ba, Jimmy and Norouzi, Mohammad},
  journal={arXiv preprint arXiv:1912.01603},
  year={2020}
}

@inproceedings{Hausknecht2015,
  title={Deep recurrent Q-learning for partially observable MDPs},
  author={Hausknecht, Matthew and Stone, Peter},
  booktitle={Proceedings of AAAI Fall Symposium Series},
  year={2015}
}

@inproceedings{ChevalierBoisvert2018,
  title={Minimalistic gridworld environment for OpenAI Gym},
  author={Chevalier-Boisvert, Maxime and Willems, David and Pal, Suman},
  booktitle={GitHub repository: https://github.com/maximecb/gym-minigrid},
  year={2018}
}

@inproceedings{Cobbe2020,
  title={Leveraging procedural generation to benchmark reinforcement learning},
  author={Cobbe, Karl and Klimov, Oleg and Hesse, Chris and Kim, Tae and Schulman, John},
  booktitle={Proceedings of the 37th International Conference on Machine Learning},
  pages={2048--2056},
  year={2020}
}

